<?xml version="1.0" encoding="UTF-8"?><collection xmlns="http://www.loc.gov/MARC21/slim"><record><leader>00447nam--2200157-i-4500</leader><controlfield tag="001">000011950</controlfield><controlfield tag="002">20161230</controlfield><controlfield tag="005">20170225102334</controlfield><controlfield tag="008">060222s1000------------r-----000-0-eng-d</controlfield><datafield ind1=" " ind2=" " tag="100"><subfield code="a">Berti, Stefan N</subfield></datafield><datafield ind1=" " ind2=" " tag="245"><subfield code="a">Aritmetica intervalelor</subfield></datafield><datafield ind1=" " ind2=" " tag="260"><subfield code="a">Bucuresti</subfield><subfield code="b">Editura Academiei Republicii Romane</subfield><subfield code="c">1977</subfield></datafield><datafield ind1=" " ind2=" " tag="300"><subfield code="a">201 p</subfield></datafield><datafield ind1=" " ind2=" " tag="490"><subfield code="a">Seria: Teoria Calcului, Aanaliza Numerica Si Informatica 2</subfield></datafield><datafield ind1=" " ind2=" " tag="852"><subfield code="a">519.6</subfield></datafield><datafield ind1=" " ind2=" " tag="CAT"><subfield code="a">SYS</subfield><subfield code="c">20170225</subfield><subfield code="h">102334</subfield></datafield></record></collection>